@article{asness2018pulling,
  title={Pulling the goalie: Hockey and investment implications},
  author={Asness, Clifford S and Brown, Aaron},
  journal={Available at SSRN 3132563},
  year={2018}
}
